
@article{Muller:2016,
  author = {Muller, Stefan and Acar, Umut and Duff, William and Harper, Robert},
  title = {Interactive Computation in an Open World},
  journal = {POPL},
  year = {2016},
  note = {In Review}
}

@inproceedings{fourman84a,
  author = {Michael P. Fourman},
  title = {Continuous truth {I}: non-constructive objects},
  booktitle = {Proc. Logic Colloquium, Florence 1982},
  editor = {G. Lolli and G. Longo and A. Marcja},
  series = {Stud. Logic Found. Math. 112},
  publisher = {Elsevier Science Publishers B.V. (North-Holland)},
  year = {1984},
  pages = {161-180},
  url = {http://homepages.inf.ed.ac.uk/mfourman/research/publications/pdf/fourman84-continuous-truth-I.pdf},
  note = {Invited Paper},
}

@inproceedings{fourman82c,
  author = {Michael P. Fourman},
  title = {Notions of Choice Sequence},
  booktitle = {L.E.J. Brouwer Centenary Symposium},
  editor = {D. van Dalen and A. Troelstra},
  publisher = {North-Holland},
  year = {1982},
  pages = {91--105},
  url = {http://homepages.inf.ed.ac.uk/mfourman/research/publications/pdf/fourman82-notions-of-choice-sequence.pdf},
  keyword = {topoi, intuitionism, sheaf model, choice sequence, Grothendieck topology,
Beth model; lawless sequence},
  abstract = {We use sheaf models to undertake a constructive analysis of the effects of
admitting non-constructive choice sequences to mathematics.},
}

@Article{siena.lectures,
  author = 	 "Per Martin-L{\"o}f",
  title = 	 "On the meanings of the logical constants and the justifications of the logical laws",
  journal =	 "Nordic Journal of Philosophical Logic",
  year =	 1996,
  volume =	 1,
  number =	 "1",
  pages =	 "11--60",
}

@incollection{analytic-synthetic,
year={1994},
isbn={978-94-010-4359-5},
booktitle={Kant and Contemporary Epistemology},
volume={54},
series={The University of Western Ontario Series in Philosophy of Science},
editor={Parrini, Paolo},
title={Analytic and Synthetic Judgements in Type Theory},
publisher={Springer Netherlands},
author={Martin-L{\"o}f, Per},
pages={87-99},
language={English}
}

@incollection{Martin-Lof-1979,
	Author = {Martin-L{\"o}f, Per},
	Booktitle = {Logic, Methodology and Philosophy of Science VI, Proceedings of the Sixth International Congress of Logic, Methodology and Philosophy of Science, Hannover 1979},
        Editor = {L. Jonathan Cohen and Jerzy {\L o\'s} and Helmut Pfeiffer and Klaus-Peter Podewski},
	Mrclass = {03F50 (03B70 03F55 68Q45)},
	Mrnumber = {682410 (85d:03112)},
	Mrreviewer = {B. H. Mayoh},
	Pages = {153--175},
	Publisher = {North-Holland},
	Series = {Studies in Logic and the Foundations of Mathematics},
	Title = {Constructive mathematics and computer programming},
	Volume = 104,
	Year = 1982}

@BOOK{VAt04,
    AUTHOR =       {Mark {van Atten}},
    TITLE =        {{On Brouwer}},
    PUBLISHER =    {Thompson/Wadsworth},
    SERIES =       {Wadsworth Philosophers Series},
    YEAR =         2004,
    ADDRESS =      {Toronto, Canada}
}

@book{vanAtten2007,
  publisher = {{S}pringer},
  title = {{B}rouwer {M}eets {H}usserl: {O}n the {P}henomenology of {C}hoice {S}equences},
  author = {Mark {van Atten}},
  year = {2007}
}

@book{Dummett:Elements,
  added-at = {2009-03-20T11:10:57.000+0100},
  address = {New York},
  author = {Dummett, Michael},
  biburl = {http://www.bibsonomy.org/bibtex/29965e1c1aa0bc014f36d57e44e84a673/bo198214},
  edition = {Second},
  interhash = {63db5cec0efc0139880c7af87052d575},
  intrahash = {9965e1c1aa0bc014f36d57e44e84a673},
  isbn = {0-19-850524-8},
  keywords = {imported},
  mrclass = {03F55 (03-02 03B20)},
  mrnumber = {MR1815706 (2002a:03122)},
  mrreviewer = {Wim Ruitenburg},
  pages = {xii+331},
  publisher = {The Clarendon Press Oxford University Press},
  series = {Oxford Logic Guides},
  timestamp = {2009-03-20T11:10:58.000+0100},
  title = {Elements of intuitionism},
  volume = 39,
  year = 2000
}
@INPROCEEDINGS{Howe:1991,
author={Howe, D.J.},
booktitle={Logic in Computer Science, 1991. LICS '91., Proceedings of Sixth Annual IEEE Symposium on},
title={On computational open-endedness in {Martin-L\"{o}f's} type theory},
year={1991},
month={July},
pages={162-172},
keywords={formal logic;computation systems;computational open-endedness;excluded middle;oracles;program equivalence;programming language;structural operational semantics;symbolic computation;type free reasoning;type theory;Computer languages;Computer science;Contracts;Reasoning about programs},
}

@incollection{Coquand:2012,
  year={2012},
  isbn={978-94-007-4434-9},
  booktitle={Epistemology versus Ontology},
  volume={27},
  series={Logic, Epistemology, and the Unity of Science},
  editor={Dybjer, P. and Lindström, Sten and Palmgren, Erik and Sundholm, G.},
  title={A Computational Interpretation of Forcing in Type Theory},
  publisher={Springer Netherlands},
  author={Coquand, Thierry and Jaber, Guilhem},
  pages={203-213},
}

@incollection{sterling2016,
  year={2016},
  booktitle={Epistemology, Knowledge and the Impact of Interaction},
  series={Logic, Epistemology, and the Unity of Science},
  editor={Pombo, O. and Nepumuceno, A. and Redmond, J.},
  title={Dependent Types for Pragmatics},
  publisher={Springer},
  author={McAdams, Darryl and Sterling, Jonathan}
}

@unpublished{sterling2015b,
  title={Remark on hypothetical judgment},
  author={Sterling, Jonathan},
  year={2015},
  note={\url{http://arxiv.org/abs/1508.01600}}
}

@unpublished{sterling2015a,
  title={Type Theory and its Meaning Explanations},
  author={Sterling, Jonathan},
  year={2015},
  note={\url{http://www.jonmsterling.com/pdfs/meaning-explanations.pdf}}
}

@unpublished{Rahli:2015,
  title={A Nominal Exploration of Intuitionism},
  author={Rahli, Vincent and Bickford, Mark},
  year={2015},
  note={Unpublished}
}


@book{Ranta:1994,
 author = {Ranta, Aarne},
 title = {Type-theoretical Grammar},
 year = {1994},
 isbn = {0-19-853857-X},
 publisher = {Oxford University Press},
 address = {Oxford, UK},
}

@incollection{Sundholm:1986,
year={1986},
isbn={978-94-010-8801-5},
booktitle={Handbook of Philosophical Logic},
volume={166},
series={Synthese Library},
editor={Gabbay, D. and Guenthner, F.},
title={Proof Theory and Meaning},
publisher={Springer Netherlands},
author={Sundholm, G\{ö}ran},
pages={471-506},
language={English}
}


@incollection{bekki:2014,
year={2014},
booktitle={Logical Aspects of Computational Linguistics},
volume={8535},
series={Lecture Notes in Computer Science},
editor={Asher, Nicholas and Soloviev, Sergei},
title={Representing Anaphora with Dependent Types},
publisher={Springer Berlin Heidelberg},
author={Bekki, Daisuke},
pages={14-29},
language={English}
}

@incollection{Sundholm:2014,
year={2014},
isbn={978-94-017-9216-5},
booktitle={Constructivity and Computability in Historical and Philosophical Perspective},
volume={34},
series={Logic, Epistemology, and the Unity of Science},
editor={Dubucs, Jacques and Bourdeau, Michel},
title={Constructive Recursive Functions, {Church's Thesis}, and {Brouwer}'s Theory of the Creating Subject: Afterthoughts on a Parisian Joint Session},
publisher={Springer Netherlands},
author={Sundholm, G{\"o}ran},
pages={1-35},
language={English}
}

@article{HARPER199271,
title = "Constructing type systems over an operational semantics",
journal = "Journal of Symbolic Computation",
volume = "14",
number = "1",
pages = "71 - 84",
year = "1992",
note = "",
issn = "0747-7171",
author = "Robert Harper",
}

@book{opac-b1126259,
   title = "Sheaves in geometry and logic : a first introduction to topos theory",
   author = "Mac Lane, Saunders and Moerdijk, Ieke",
   series = "Universitext",
   publisher = "Springer",
   address = "New York",
   isbn = "0-387-97710-4",
   year = 1992
}

